<?xml version="1.0" encoding="UTF-8"?><record xmlns="http://www.loc.gov/MARC21/slim" xmlns:cinclude="http://apache.org/cocoon/include/1.0" xmlns:zs="http://www.loc.gov/zing/srw/">
  <leader>01490cz  a2200253n  4500</leader>
  <controlfield tag="001">n  90654632 </controlfield>
  <controlfield tag="003">DLC</controlfield>
  <controlfield tag="005">20150126073622.0</controlfield>
  <controlfield tag="008">900607n| azannaabn          |n aac      </controlfield>
  <datafield tag="010" ind1=" " ind2=" ">
    <subfield code="a">n  90654632 </subfield>
  </datafield>
  <datafield tag="035" ind1=" " ind2=" ">
    <subfield code="a">(OCoLC)oca02757516</subfield>
  </datafield>
  <datafield tag="040" ind1=" " ind2=" ">
    <subfield code="a">DLC</subfield>
    <subfield code="b">eng</subfield>
    <subfield code="e">rda</subfield>
    <subfield code="c">DLC</subfield>
    <subfield code="d">WaU</subfield>
  </datafield>
  <datafield tag="046" ind1=" " ind2=" ">
    <subfield code="f">19611218</subfield>
  </datafield>
  <datafield tag="100" ind1="1" ind2=" ">
    <subfield code="a">Orser, Brian,</subfield>
    <subfield code="d">1961-</subfield>
  </datafield>
  <datafield tag="370" ind1=" " ind2=" ">
    <subfield code="a">Belleville (Ont.)</subfield>
    <subfield code="c">Canada</subfield>
    <subfield code="e">Penetanguishene (Ont.)</subfield>
    <subfield code="e">Toronto (Ont.)</subfield>
    <subfield code="2">naf</subfield>
  </datafield>
  <datafield tag="372" ind1=" " ind2=" ">
    <subfield code="a">Figure skating</subfield>
    <subfield code="a">Figure skating--Coaching</subfield>
    <subfield code="2">lcsh</subfield>
  </datafield>
  <datafield tag="373" ind1=" " ind2=" ">
    <subfield code="a">Olympic Winter Games (14th : 1984 : Sarajevo, Bosnia and Hercegovina)</subfield>
    <subfield code="a">Olympic Winter Games (15th : 1988 : Calgary, Alta.)</subfield>
    <subfield code="2">naf</subfield>
  </datafield>
  <datafield tag="374" ind1=" " ind2=" ">
    <subfield code="a">Figure skaters</subfield>
    <subfield code="a">Olympic athletes</subfield>
    <subfield code="a">Figure skating coaches</subfield>
    <subfield code="2">lcsh</subfield>
  </datafield>
  <datafield tag="375" ind1=" " ind2=" ">
    <subfield code="a">male</subfield>
  </datafield>
  <datafield tag="377" ind1=" " ind2=" ">
    <subfield code="a">eng</subfield>
  </datafield>
  <datafield tag="378" ind1=" " ind2=" ">
    <subfield code="q">Brian Ernest</subfield>
  </datafield>
  <datafield tag="667" ind1=" " ind2=" ">
    <subfield code="a">NLC not consulted.</subfield>
  </datafield>
  <datafield tag="670" ind1=" " ind2=" ">
    <subfield code="a">nuc90-38010: His Orser, a skater's life, 1988</subfield>
    <subfield code="b">(hdg. on CaOTU rept.: Orser, Brian, 1961- ; usage: Brian Orser)</subfield>
  </datafield>
  <datafield tag="670" ind1=" " ind2=" ">
    <subfield code="a">Wikipedia, November 6, 2014</subfield>
    <subfield code="b">(Brian Orser; Brian Ernest Orser, OC (born 18 December 1961) is a retired Canadian competitive and professional figure skater. He is the 1984 and 1988 Olympic silver medalist, 1987 World champion and the 1981-1988 Canadian national champion. After retiring from performing, Orser became a coach, leading two skaters, Kim Yuna and Yuzuru Hanyu, to the Olympic gold medal. He is the skating director at the Toronto Cricket, Skating and Curling Club; born in Belleville, Ontario; grew up in Penetanguishene; residence: Toronto)</subfield>
  </datafield>
</record>